@Article{	  jones-et-al:98,
  author	= "Jones, D. and M. Schonlau and W. Welch",
  year		= "1998",
  title		= "Efficient global optimization of expensive black-box
		  functions",
  journal	= "Journal of Global Optimization",
  volume	= "13",
  pages		= "455-492"
}

@incollection{NIPS2014_5324,
title = {Predictive Entropy Search for Efficient Global Optimization of Black-box Functions},
author = {Hern\'{a}ndez-Lobato, Jos\'{e} Miguel and Hoffman, Matthew W and Ghahramani, Zoubin},
booktitle = {Advances in Neural Information Processing Systems 27},
editor = {Z. Ghahramani and M. Welling and C. Cortes and N.D. Lawrence and K.Q. Weinberger},
pages = {918--926},
year = {2014},
publisher = {Curran Associates, Inc.},
url = {http://papers.nips.cc/paper/5324-predictive-entropy-search-for-efficient-global-optimization-of-black-box-functions.pdf}
}

@Misc{14-toussaint-AugLag,
  author	= {Marc Toussaint},
  year		= {2014},
  title		= {A Novel Augmented Lagrangian Approach for Inequalities and
		  Convergent Any-Time Non-Central Updates},
  howpublished	= {e-Print arXiv:1412.4329},
  pdf		= {http://arxiv.org/abs/1412.4329}
}
